%! Author = soheili
%! Date = 9/5/2022

